<?xml version="1.0" encoding="UTF-8"?><collection xmlns="http://www.loc.gov/MARC21/slim"><record><leader>00340nam--2200121-i-4500</leader><controlfield tag="001">000040700</controlfield><controlfield tag="002">20161230</controlfield><controlfield tag="005">20161230201042</controlfield><controlfield tag="008">060222s1000------------r-----000-0-eng-d</controlfield><datafield ind1=" " ind2=" " tag="100"><subfield code="a">Schroeter Willi</subfield></datafield><datafield ind1=" " ind2=" " tag="245"><subfield code="a">Die berecnung des magnetischen kreises von universalmotoren</subfield></datafield><datafield ind1=" " ind2=" " tag="260"><subfield code="a">Stuttgart, Technischen Hochschule, 1956. 68 P</subfield></datafield><datafield ind1=" " ind2=" " tag="852"><subfield code="a">5792</subfield></datafield></record></collection>